3943 5037
1520 406 1923 473 αξξ-εει
2083 386 2110 429 ’
2941 383 3043 480 (ιι

682 610 692 617 ·
760 608 765 615 ·
811 596 1215 696 Argentum
1248 591 1621 691 optimum
1692 609 1773 670 et
1829 584 2279 692 puriffimum
2337 587 2680 675 Romania
2738 590 3051 690 pustula-

463 712 634 773 tum‘
665 695 931 773 dictum
977 696 1116 779 est,
1182 710 1266 769 vt
1303 714 1402 767 ex
1431 691 1740 767 Statonia
1780 695 1854 766 in
1883 690 2193 767 Nerone
2236 711 2389 787 cap.
2420 714 2548 784 44.
2578 709 2654 766 et
2683 687 2886 790 Lege
2943 702 3050 775 3'1x

461 795 971 871 PandeQarum
1010 795 1106 869 de
1165 792 1573 867 Loeatione
1628 790 2004 874 discimus,
2094 791 2443 885 quoniam
2491 792 2679 864 inter
2713 808 3040 884 coquen-

463 894 639 968 dum
688 896 763 967 in
817 893 1156 970 vesiculas
1213 889 1334 966 seu
1376 888 1691 981 pustulae
1732 889 2115 964 attollitur.
2206 884 2319 961 Ex
2365 885 2736 984 puriffimo
2791 908 3037 963 autem

456 985 1304 1165 :1253320321‘1'322232‘312
1313 982 3036 1181 &aazia3¹33⁰2222²553¹22¹2333ngffi¹2³3

458 1205 833 1263 monetam
871 1205 1231 1260 memorat
1272 1182 1654 1280 Arssotcles
1696 1185 1771 1256 in
1805 1181 2252 1260 Problemat.
2289 1179 2479 1255 Sea.
2511 1200 2630 1274 24.
2694 1181 3036 1256 Problem

454 1308 533 1378 9.
564 1285 877 1371 Quaerit
902 1284 1003 1357 ibi
1036 1305 1158 1357 cur
1186 1304 1367 1377 aqua
1395 1280 1685 1356 feruens
1712 1303 1865 1355 non
1894 1281 2198 1354 ebulliat
2227 1300 2459 1374 aeque
2494 1303 2573 1353 ac
2608 1278 2767 1357 faba
2796 1280 3036 1370 cocla3

464 1383 859 1477 obiterque
914 1398 1223 1457 annotat
1280 1384 1475 1455 idem
1518 1378 1750 1454 facere
1812 1366 2390 1481 (ἰκπσιφλάζω)
2450 1395 2822 1474 argentum
2869 1398 3036 1451 cum

462 1498 834 1579 purgatur.
928 1478 1478 1567 Quamobrem,
1536 1477 1773 1552 addit.
1819 1480 1947 1568 qui
1991 1478 2070 1550 in
2101 1476 2680 1551 monetariorum
2726 1471 3038 1550 officinia

468 1600 847 1674 argentum
902 1595 1368 1672 excoquunt,
1440 1571 1973 1669 (ωλλόνοντες)
2044 1571 2325 1663 disieffl
2366 1576 2647 1673 argenti
2689 1575 3034 1669 reliquias

468 1678 678 1749 lucro
714 1675 846 1749 suo
890 1677 1276 1770 colligunt.
1381 1668 1682 1747 Scilicet
1734 1695 2109 1770 argentum
2143 1672 2186 1746 li
2236 1673 2427 1746 inter
2468 1673 3037 1766 excoquendum

470 1774 733 1848 ebullit
774 1790 994 1867 atque
1034 1772 1314 1855 exsilit,
1369 1772 1644 1846 indicio
1689 1773 1788 1846 est
1834 1774 2151 1844 stannum
2206 1772 2330 1844 vel
2380 1773 2614 1846 aes‘ei
2663 1770 3037 1863 admistum

468 1870 650 1958 effe,
678 1889 762 1946 vt
789 1890 987 1953 recte
1020 1872 1160 1944 iam
1191 1871 1577 1945 admonuit
1605 1866 2012 1967 Theophilus
2043 1864 2418 1941 Monachus
2452 1891 2497 1942 a
2524 1867 2852 1966 Leffingio
2892 1868 3039 1943 edi·

472 1988 592 2043 tua
642 1970 805 2045 libri
852 1985 890 2051 3
934 1970 1175 2062 capite
1224 1987 1341 2045 22.
1382 1967 1593 2061 quod
1644 1968 1738 2042 de
1778 1967 2225 2063 purificando
2269 1986 2575 2064 argento
2618 1966 3040 2041 inscribitur.

474 2067 869 2143 plumbum
921 2066 1251 2141 Indicum
1307 2063 1765 2157 liquefactum
1826 2082 2043 2159 atque
2107 2084 2333 2159 aquae
2383 2064 2689 2163 frigidae
2731 2064 3039 2139 infusum

472 2165 945 2240 exfilireinde
967 2165 1181 2237 tradit
1213 2163 1635 2237 anaoriibri
1668 2164 1760 2235 de
1776 2160 2176 2240 Mirabilib.
2273 2160 2659 2237 Narration
2692 2184 2751 2236 c.
2771 2165 2888 2237 62.
2914 2161 3040 2235 vbi

472 2265 611 2433 iar?
633 2263 836 2435 guae
877 2262 1253 2336 annotauit
1287 2256 1400 2335 Cl.
1432 2260 1764 2333 Becmann
1807 2258 2189 2357 plumbum
2234 2260 2546 2358 intelligi
2590 2263 2831 2335 multo
2871 2280 3039 2338 aere

478 2382 551 2433 m
586 2383 625 2435 e
750 2384 848 2436 m.

776 2471 987 2546 Aeris
1016 2468 1539 2564 aurichalcique
1568 2467 1961 2563 quaerendi
1996 2465 2505 2564 excoquendi,
2554 2464 3043 2563 temperandi·

478 2591 625 2669 que
654 2572 1042 2653 rationem,
1079 2591 1292 2662 quam
1324 2588 1619 2643 veteres
1639 2567 2022 2664 scriptores
2038 2568 2743 2647 tradideruntnobis,
2786 2583 3045 2660 quem·

404 2687 421 2701 ·
479 2671 876 2744 admodum
936 2669 1271 2743 omnium
1326 2667 1414 2740 ad
1463 2686 1622 2738 eam
1671 2664 2136 2758 spectantium
2181 2664 2635 2738 artificiorum
2681 2664 3044 2740 historiam

478 2782 671 2841 tanta
702 2786 863 2839 cum
908 2765 1292 2862 diligentia
1335 2761 1499 2857 post
1550 2763 1983 2834 duumuiros
2026 2759 2352 2856 praemio
2400 2777 2796 2835 coronatos
2839 2762 3045 2835 inue-

481 2865 803 2962 stigatam
829 2862 1202 2936 illustrauit
1228 2857 1344 2933 Cl.
1378 2861 1709 2934 Becmann
1738 2861 1809 2931 in
1834 2857 2350 2956 Techuologia
2373 2880 2448 2954 p.
2484 2879 2657 2953 4¹0·
2676 2855 2873 2957 seqq.
2914 2859 3043 2933 de·

480 2964 660 3038 inde
702 2962 775 3033 in
819 2957 1376 3037 Commentario
1416 2960 1507 3032 ad
1548 2957 1966 3047 Aristotelem
2009 2959 2102 3032 de
2150 2957 2594 3032 mirabilibus
2633 2957 3051 3033 narrationi·

483 3060 662 3144 bua,
710 3077 792 3137 vt
820 3081 1038 3157 pauca
1070 3058 1311 3131 modo
1331 3053 1714 3132 indull'tiae
1744 3067 1949 3132 me'ae
1994 3056 2370 3151 reliquerit
2409 3055 2805 3153 fragmenta
2836 3055 3048 3130 colli-

480 3159 743 3251 genda.
852 3156 1097 3233 Latuit
1147 3175 1330 3230 vero
1372 3172 1449 3229 et
1488 3153 1719 3252 ipsum
1761 3172 1849 3229 vt
1894 3155 2225 3249 reliquos
2265 3156 2689 3230 duumuiros
2745 3153 3053 3251 epistola

484 3253 815 3329 badonici
842 3252 1179 3332 Comitem·
1204 3254 1301 3327 de
1335 3271 1502 3328 aere
1533 3269 1865 3328 veterum
1894 3253 2380 3337 dichoneuto,
2437 3250 2904 3348 Ephemeridi
2934 3256 3051 3342 litg

483 3354 782 3427 terariae
809 3350 1135 3446 Sieuenfl
1165 3348 1559 3439 <Giornale
1584 3352 1956 3426 letterario
1999 3351 2073 3425 di
2120 3348 2344 3424 Siena
2382 3347 2481 3425 T.
2508 3350 2682 3448 lv.)
2755 3350 3049 3439 inserta,

486 3469 702 3546 quam
728 3449 854 3528 nili
878 3472 977 3526 ex
1000 3451 1232 3531 aliena
1258 3451 1969 3525 commemoratione
2000 3450 2367 3546 cognitam
2406 3470 2559 3524 non
2589 3452 2855 3524 habeo.

785 3599 934 3675 Aea
953 3597 1154 3676 fufile
1168 3598 1394 3674 Plinio
1413 3618 1490 3675 et
1503 3599 1885 3676 caldarium
1915 3597 2181 3674 dicium
2213 3607 2447 3697 graeci
2466 3593 2703 3692 χυτδν,
2739 3617 2815 3674 et
2846 3625 2884 3673 a
2908 3601 3055 3676 for·

488 3721 606 3777 ma
636 3702 950 3774 rotunda
985 3700 1202 3773 etiam
1229 3695 1556 3794 τροχίαν,
1622 3699 1894 3773 ductile
1921 3720 2105 3772 vero
2134 3698 2255 3771 seu
2284 3708 2610 3793 regulare
2640 3689 2928 3783 ὁλοιτόν,
2974 3715 3056 3775 et

487 3822 529 3875 a
555 3797 870 3875 ducendi
900 3798 1184 3872 ratione
1215 3819 1376 3871 cum
1413 3795 1572 3873 resti
1590 3812 2001 3889 comparata
2015 3792 2262 3871 vertas
2288 3797 2748 3895 appellabant
2767 3797 3059 3885 Graeci,

486 3896 781 3971 auctore
813 3892 1077 3969 Polluce
1107 3895 1181 3967 in
1198 3893 1674 3971 Onomastico
1723 3891 2170 3991 v11.§.205.
2233 3892 2567 3971 Formam
2612 3898 2795 3971 aeris
2839 3922 2878 3969 a
2906 3895 3052 3971 Ro·

491 3996 721 4068 manis
752 3995 935 4068 olim
973 3995 1045 4067 in
1069 3990 1434 4066 Britannia
1460 3991 1583 4068 fuli
1612 3995 2000 4067 rotundam
2034 3994 2110 4068 in
2133 3994 2463 4091 reliquiis
2494 3998 2710 4073 etiam
2739 3995 3056 4096 agnouit

491 4087 882 4166 ponamus·
906 4091 1102 4194 apud
1131 4088 1248 4169 ct.
1280 4090 1666 4167 Rettemeier
1708 4113 1782 4185 p.
1818 4098 1988 4178 136·
2239 4163 2244 4170 .

370 4217 381 4227 ·
1680 4205 1744 4287 Β
1798 4225 1849 4286 2
2033 4265 2038 4268 -
2635 4305 2638 4308 Ἴ
2702 4208 3054 4290 Cadmiae
