3943 5037
879 643 1105 724 Rea-e
1128 639 1356 743 igitur
1372 634 1843 719 casaubonus
1871 636 2181 716 verbum
2215 633 2825 716 conminus-Sao
2876 638 2955 716 in
3001 636 3337 717 Strabone
3372 636 3487 716 ia·

883 762 1335 843 terpretatur
1357 743 1431 816 in
1476 739 1824 817 liriauraa
1857 740 2072 840 cogi,
2118 738 2550 816 anaoritate
2591 741 2818 817 fultus
2845 739 3252 828 Van-onim
3319 760 3493 836 pro·

887 847 1055 945 prie
1093 862 1336 919 tamen
1369 842 1774 937 eliquatum
1804 837 2188 934 fusumque
2219 837 2490 915 ferrum
2520 842 2619 915 ita
2658 841 2896 937 potest
2922 843 3066 918 dici
3091 826 3488 933 συλλιπιίι·

883 941 1156 1021 ’σο-θαι.
1234 939 1469 1030 Quod
1515 962 1703 1017 veto
1745 940 2136 1015 tundendo
2166 937 2427 1015 ardens
2457 958 2535 1016 et
2561 938 3028 1039 liquefactum
3056 940 3494 1024 elaboratur,

878 1044 961 1119 in
995 1044 1339 1119 arianus
1370 1040 1542 1140 cogi
1568 1038 1961 1116 dicendum
1992 1038 2116 1114 est.
2214 1038 2630 1136 Vtrumque
2660 1062 2844 1118 vero
2871 1041 2948 1115 in
2975 1039 3144 1116 ferri
3183 1040 3491 1117 metallo

883 1142 1049 1225 Ilua
1086 1140 1311 1218 insula
1357 1158 1750 1236 exportata
1790 1141 2038 1214 locum
2091 1136 2442 1227 habebat3
2490 1142 2739 1239 itaque
2781 1142 3088 1216 verbum
3129 1137 3493 1216 Strabonis

884 1238 1300 1342 promiscue
1338 1257 1635 1335 poterat
1663 1237 2126 1331 interpretari
2161 1232 2622 1332 Castrubonus.
2686 1237 2770 1312 ln
2805 1239 3094 1315 vetusto
3123 1235 3489 1315 Gloll‘ario

883 1338 1201 1418 strffiura
1246 1361 1342 1414 ex
1407 1338 1660 1412 litatur
1702 1359 1841 1434 per
1882 1339 2350 1428 λελευκωμένον
2406 1325 2448 1422 ἦ
2512 1326 2600 1414 *ro*
2643 1330 2894 1415 ain-iri*
2936 1327 3185 1436 σιδῆρκ
3228 1338 3486 1415 πῖπτον

881 1429 1089 1516 ἔστι
1151 1435 1318 1513 eaea‘r
1441 1462 1590 1534 por,
1648 1438 1696 1517 ἰ.
1714 1459 1777 1511 e.
1810 1456 2056 1531 partes
2085 1435 2253 1511 ferri
2285 1438 2420 1511 culi
2438 1440 2789 1515 deciduae
2814 1426 3279 1517 scintillaru⁸m
3309 1441 3486 1514 fimi-

878 1544 1017 1619 1ea.
1135 1543 1226 1615 ed
1261 1561 1531 1614 vereor
1560 1555 1640 1614 vt
1670 1535 1936 1634 gloss'ae
1973 1535 2189 1615 huius
2223 1537 2538 1634 primum
2569 1540 2875 1615 verbum
2921 1560 3261 1636 graecum
3290 1537 3488 1614 κᾶε

734 1722 743 1731 ,
878 1661 1049 1718 cum
1082 1639 1316 1714 verbo
1337 1632 1699 1712 Strabonis
1726 1635 2133 1733 comparari
2169 1633 2430 1732 possm
2456 1636 2718 1714 refitius
2748 1641 2948 1714 enim
2985 1639 3171 1716 illud
3203 1661 3242 1713 a
3274 1660 3485 1717 voca·

878 1740 1067 1817 bulo
1107 1737 1313 1817 λεπὶς
1345 1739 1418 1810 id
1473 1737 1576 1811 est
1618 1735 1906 1833 squama
1952 1732 2265 1810 deriuari
2319 1755 2542 1831 atque
2587 1737 2684 1812 ita
2713 1738 3236 1836 corrigendum
3271 1757 3482 1836 puto.

864 1836 1232 1915 Striaura
1261 1858 1446 1912 vero
1467 1834 1744 1932 duplici
1773 1833 1974 1909 sensu
2006 1835 2145 1909 dici
2182 1836 2516 1923 videtum
2557 1853 2638 1912 et
2665 1839 2981 1933 primum
3000 1837 3301 1933 quidem
3333 1834 3482 1937 ipsa

877 1937 1060 2015 ferri
1098 1934 1304 2011 malla
1345 1935 1610 2010 ardens
1640 1952 1721 2010 et
1747 1932 2188 2029 liquefasta‚3
2229 1953 2417 2029 quae
2465 1934 2810 2012 cudendo
2853 1936 3143 2035 cogitur
3182 1952 3262 2013 et
3287 1936 3484 2031 squa-

876 2057 1036 2115 mas
1084 2034 1542 2111 scintillarum
1588 2031 1799 2107 instat
1838 2029 2134 2128 exspuit
2148 2053 2184 2118 ‚·
2255 2031 2529 2109 deinde
2580 2055 2765 2110 vero
2814 2032 3005 2131 ipsae
3059 2036 3278 2111 etiam
3310 2037 3483 2110 illae

848 2135 1350 2215 ‘scintillantes
1396 2132 1727 2231 squamae
1768 2132 2045 2209 eodem
2086 2130 2459 2209 vocabulo
2489 2188 2496 2195 ²
2521 2133 3055 2232 comprehendi
3099 2135 3483 2219 videntur,

875 2253 963 2313 vt
1008 2233 1217 2312 facile
1261 2234 1432 2311 colli
1490 2252 1616 2308 ere
1659 2232 1835 2308 licet
1868 2250 1974 2306 ex
2004 2229 2191 2306 locis
2222 2230 2444 2305 Plinii
2470 2232 2665 2309 libro
2711 2251 2829 2326 34.
2878 2255 3036 2329 cap.
3082 2256 3184 2328 ¹4·
3234 2233 3482 2309 Rutilii

872 2333 1314 2452 Numantini
1345 2334 1421 2408 in
1493 2332 1685 2409 tinet
1717 2327 1776 2408 1.
1806 2330 1984 2413 vers.
2021 2347 2111 2425 35
2123 2347 2188 2415 3.
2220 2352 2382 2407 cum
2416 2336 2886 2431 grammatico
2915 2332 3146 2409 Nonio
3170 2334 3481 2433 aliisque

874 2448 1420 2608 comparat-{fiat
1443 2528 1787 2606 obscurus
1816 2524 2181 2607 Strabonis
2246 2528 2457 2604 locus
2500 2529 2737 2606 adbuc
2799 2528 3127 2608 breuiter
3149 2553 3476 2610 comme·

876 2632 1278 2713 morandus
1306 2630 1472 2707 libri
1508 2647 1624 2715 13.
1652 2650 1727 2726 p.
1755 2639 1933 2723 908.
2037 2627 2305 2704 Tradit
2340 2629 2404 2702 is
2436 2629 2615 2705 circa
2645 2628 3004 2728 Lelegum
3045 2632 3303 2708 vrbem
3332 2633 3481 2708 An-

878 2736 1054 2813 dera
1096 2731 1396 2831 reperiri
1454 2729 1820 2829 lapidem,
1889 2748 2045 2826 quo
2089 2726 2351 2804 exusto
2394 2726 2666 2805 ferrum
2716 2726 2917 2819 fieri;
2970 2730 3244 2809 deinde
3288 2755 3476 2811 vero

872 2851 1043 2911 cum
1065 2849 1256 2908 terra
1281 2831 1523 2928 aliqua
1549 2827 1940 2906 excoaum
1957 2828 2315 2904 destillare
2334 2827 2906 2928 prendat-gyrum
2940 2831 3061 2907 seu
3093 2830 3341 2908 falsum
3372 2856 3477 2907 ar·

874 2950 1231 3032 gentum3
1285 2931 1595 3010 eandem
1637 2949 1827 3004 vero
1863 2942 2126 3001 terram
2184 2925 2442 3002 addito
2484 2949 2652 3003 aere
2697 2946 3367 3025 temperamentum
3397 2933 3478 3009 il·

846 3033 1009 3128 ,lud
1038 3032 1250 3116 dare,
1296 3029 1505 3123 quod
1529 3026 1908 3102 aurichalci
1940 3026 2246 3101 nomine
2275 3025 2668 3102 censeatur.
2749 3024 3010 3104 Simile
3040 3029 3477 3131 pseudargy·

875 3151 1039 3208 tum
1073 3129 1296 3204 etiam
1324 3129 1398 3201 in
1429 3125 1668 3224 Lydia
1694 3126 1875 3200 circa
1904 3120 2269 3200 Tmolum
2312 3143 2646 3203 montem
2693 3127 3027 3224 reperiri.
3091 3127 3476 3228 Stephanus

874 3227 1329 3331 Byzantinus
1358 3228 1486 3323 qui
1530 3224 1721 3301 hunc
1759 3221 2127 3300 Strabonis
2161 3225 2418 3300 locum
2456 3226 2532 3299 in
2562 3229 3090 3320 compendium
3134 3232 3468 3328 redegit,

869 3329 1299 3427 fimpliciter
1329 3321 1605 3402 omiffia
1637 3323 1889 3403 verbis
1922 3324 2189 3401 mediis
2218 3325 2467 3422 posuit
2503 3326 2684 3401 circa
2711 3326 3006 3403 Andera
3039 3334 3339 3426 reperiri
3374 3335 3471 3408 la·

871 3429 1125 3529 pidem
1158 3428 1289 3522 qui
1334 3425 1582 3500 mistus
1626 3441 1706 3499 et
1752 3423 1944 3499 fusus
1989 3447 2154 3501 cum
2184 3448 2348 3501 aere
2391 3425 2874 3503 aurichalcum
2919 3423 3205 3505 efficiat.
3299 3429 3471 3520 Qua

870 3527 1178 3625 quidem
1210 3527 1286 3599 in
1315 3522 1674 3601 breuitate
1702 3522 1909 3600 facile
1926 3526 2092 3620 quis
2120 3523 2463 3623 agnoscat
2505 3527 2853 3602 cadmiam
2871 3549 3058 3623 quae
3086 3528 3472 3628 hodieque

866 3624 1279 3703 aurichalco
1306 3645 1405 3700 ex
1433 3643 1599 3699 aere
1626 3625 1982 3699 mutando
2024 3624 2473 3704 admiscetur.
2553 3621 2710 3701 Sed
2758 3627 3113 3705 maiorem
3155 3626 3467 3708 difficul-

865 3744 1097 3804 tatem
1140 3724 1363 3800 habet
1398 3725 1716 3798 narratio
1754 3720 2156 3809 Strabonis-5
2213 3745 2403 3820 quae
2441 3745 2790 3801 venarum
2821 3728 3171 3805 variarum
3197 3732 3467 3828 permi-

854 3827 1176 3904 stionem
1210 3823 1452 3922 arguit
1480 3823 1556 3897 in
1583 3823 1888 3899 metallo
1920 3823 2356 3921 peregrino,
2413 3843 2631 3920 quam
2662 3842 2908 3901 tamen
2937 3850 3214 3905 nomen
3255 3827 3464 3925 pseu·

864 3924 1157 4023 dargyri
1185 3925 1357 3998 alias
1387 3924 1724 4022 ignotum
1756 3923 1986 4018 magis
2013 3921 2390 3999 obscuram
2422 3923 2684 4002 reddit.
2737 3922 2983 4003 Haelit
3012 3926 3220 4002 inhia
3251 3943 3462 4008 tene·

866 4025 1016 4106 bris
1043 4024 1264 4101 etiam
1295 4019 1415 4104 Cl.
1434 4023 1853 4097 Becmannus
1881 4025 1958 4097 in
1987 4038 2166 4097 nota
2194 4024 2282 4100 ad
2302 4023 2772 4100 Aristotelem
2803 4046 2877 4122 p.
2903 4039 3069 4117 133.
3109 4029 3460 4126 necequi·

864 4128 1042 4203 dem
1070 4123 1364 4199 aliunde
1396 4123 1638 4200 lucem
1667 4120 1918 4199 afferre
1951 4120 2262 4220 poss'um.
2309 4121 2632 4200 Videtur
2667 4142 2908 4200 tamen
2927 4124 3462 4224 specieaaliqua

856 4225 1051 4306 aeris
1084 4222 1454 4326 intelligi,
1528 4243 1717 4326 quae
1775 4244 1890 4331 ex,
1922 4222 2151 4305 stanni
2191 4238 2318 4308 aut
2354 4224 2678 4309 cadmiae
2721 4242 3313 4328 temperamento
3339 4245 3462 4302 ar·

3277 4347 3459 4427 gen·
