3943 5037
2199 312 2206 319 .

871 359 923 417 ⁸
1356 364 1367 377 ·
1438 364 1453 377 -
1971 355 2380 393 m

1511 392 1519 401 ·
1692 396 1700 407 ι

868 551 1030 613 tum
1061 534 1211 612 auri
1227 532 1510 636 argenti
1541 532 1729 613 aeris
1757 534 2085 632 ferrique
2115 533 2548 651 abundantia
2579 533 3029 636 illorumque
3063 537 3478 622 ttaCtando·

865 656 1031 713 rum
1082 640 1342 734 peritia
1373 636 1631 713 babeat
1658 658 1822 713 cum
1851 637 1939 712 ad
1983 636 2164 710 belli
2203 632 2565 713 fortunam
2613 638 3149 715 decernendam
3187 660 3343 715 tum
3377 638 3471 717 ad

870 738 1070 835 pacis
1106 758 1295 812 artes
1338 756 1601 815 omnes
1656 738 2108 813 excolendas
2153 736 2711 834 augendaeque3
2787 755 2946 813 tum
2987 736 3285 818 demum
3329 741 3469 814 ho·

867 836 1107 912 mines
1146 838 1462 912 vtilitate
1505 836 1610 910 rei
1654 836 1890 911 alleffl
1932 836 2223 910 fodinas
2257 834 2602 912 curiosius
2647 839 3164 935 inspexerunt,
3222 842 3474 916 metal-

870 937 1272 1031 lorumque
1316 956 1636 1011 naturam
1688 935 2015 1011 subtilius
2045 937 2283 1009 rimati
2329 935 2919 1030 exquifiuerunt.
3024 937 3191 1015 Nec
3214 937 3469 1016 desue·
3605 969 3630 981 ·

871 1052 1048 1113 runt
1084 1035 1352 1111 deinde
1378 1037 1511 1111 viri
1546 1035 1725 1108 boni
1763 1053 1840 1110 et
1869 1038 2312 1132 prudentes,
2368 1038 2494 1131 qui
2525 1057 2827 1113 omnem
2860 1037 3080 1112 animi
3110 1058 3352 1115 curam
3377 1039 3469 1115 ad

871 1134 1289 1211 fodinarum
1335 1135 1782 1232 publicarum
1843 1134 2538 1211 administrationem
2585 1136 3202 1235 metallorumque
3248 1157 3474 1234 quae·
3613 1162 3624 1173 ·

870 1236 1273 1312 rendorum
1308 1252 1386 1309 et
1413 1234 1939 1308 traaandorum
1987 1251 2214 1309 artem
2266 1255 2569 1310 omnem
2612 1235 3091 1311 ordinandam
3136 1235 3473 1315 erudien-

870 1334 1047 1419 dam
1068 1355 1285 1430 atque
1313 1334 1840 1408 emendandam
1875 1351 2434 1420 conuerterent,
2477 1356 2573 1409 ne
2606 1334 3051 1433 singulorum
3082 1337 3466 1413 hominum
3617 1344 3624 1349 “

865 1453 993 1510 ant
1034 1434 1592 1532 publicanorum
1654 1434 1862 1506 auida
1922 1434 2334 1531 ignorantia
2397 1453 2588 1530 opes
2643 1454 2956 1510 naturae·
2994 1437 3506 1533 prodigerer3·

868 1552 1024 1631 quo
1083 1555 1176 1608 ue
1234 1534 1659 1629 longiorem
1731 1531 2134 1628 posteritati
2209 1532 2621 1607 diuitiarum
2692 1535 3081 1629 patriarum
3157 1534 3463 1610 fruaum

868 1653 1045 1731 prae
1106 1652 1333 1707 arent.
1417 1630 1691 1707 Verum
1714 1625 1959 1706 eheu!
1995 1632 2240 1707 omnia
2271 1632 2392 1704 ista
2427 1638 2762 1709 veterum
2795 1633 3225 1729 sapientium
3256 1636 3351 1710 de
3383 1655 3464 1711 re

869 1734 1234 1810 metallica
1263 1747 1741 1807 monumenta
1771 1749 1851 1806 et
1893 1750 2280 1827 praecepta
2307 1731 2549 1805 inuida
2581 1733 2943 1828 temporis
2973 1731 3283 1807 vetustas
3321 1735 3470 1829 pla-

870 1853 971 1909 ne
1004 1830 1347 1906 absumsit.
1460 1827 1830 1924 Reliquias
1872 1831 2109 1907 modo
2159 1851 2415 1925 paucas
2459 1846 2840 1916 tenemus,
2906 1829 2997 1905 ab
3042 1830 3469 1908 hominibus
3525 1894 3542 1927 .·

869 1952 1029 2007 non
1058 1931 1220 2005 satis
1258 1928 1494 2006 doctis
1521 1947 1948 2026 excerptas3
1995 1931 2068 2003 in
2098 1928 2365 2023 quibua
2415 1931 2859 2027 colligendis
2893 1930 3471 2029 ordinandisque
3529 1976 3534 1984 -

868 2030 1028 2109 laus
1074 2032 1311 2125 aliqua
1372 2029 1740 2126 philologi
1789 2027 2245 2125 efferpotest.
2341 2026 2946 2126 Interpretationi
3000 2030 3477 2128 enim'saepe.

868 2133 1118 2209 nulius
1152 2129 1254 2207 est
1286 2131 1539 2215 locus3
1604 2126 1678 2202 in
1712 2129 2039 2203 tenebris
2079 2143 2158 2201 vt
2201 2127 2595 2222 plurimum
2639 2131 2962 2205 micatur.
3061 2128 3466 2206 Multarum

868 2244 1117 2309 tamen
1149 2252 1389 2304 rerum
1421 2253 1458 2301 a
1488 2227 1961 2324 scriptoribus
2008 2229 2287 2324 graecis
2337 2248 2414 2302 et
2461 2229 2702 2302 latinis
2739 2230 3157 2305 traditarum
3191 2230 3469 2305 intelli-

867 2330 1121 2428 gentia
1164 2332 1442 2425 pendet
1484 2329 1730 2401 omnis
1760 2326 1848 2401 ab
1880 2345 2200 2402 accurata
2232 2327 2336 2402 rei
2383 2329 2790 2403 metallicae
2831 2345 3167 2404 veterum
3210 2329 3466 2428 cogni-

868 2430 1100 2503 tione.
1212 2428 1439 2525 igitur
1467 2426 1673 2501 studii
1720 2426 1989 2501 vtilitas
2016 2426 2243 2525 magis
2269 2447 2482 2521 quam
2501 2421 2853 2499 fruanosa
2879 2428 3306 2502 notitiarum
3337 2449 3467 2502 co·

867 2529 993 2627 pia
1021 2527 1313 2624 spellari
1342 2545 1419 2601 et
1448 2527 1717 2602 laudari
1752 2525 2018 2611 debet,
2056 2524 2098 2598 ii
2134 2527 2299 2620 quis
2325 2527 2646 2597 animum
2677 2523 2763 2597 ad
2799 2523 3135 2600 historiae
3165 2524 3272 2602 rei
3305 2546 3462 2601 rne-

865 2630 1150 2704 tallicae
1186 2649 1515 2703 veterum
1551 2625 1950 2723 fragmenta
1976 2624 2396 2722 colligenda
2435 2640 2657 2718 atque
2701 2621 3108 2699 illustranda
3150 2627 3463 2721 appule-

863 2728 988 2804 rit.
1079 2726 1241 2802 Nec
1275 2748 1548 2823 operae
1594 2747 1797 2801 meae
1828 2723 2365 2806 excusationem
2410 2724 2605 2819 apud
2649 2725 2852 2797 viros
2893 2721 3160 2798 doctos
3202 2725 3463 2801 defore

865 2825 1123 2924 spero,
1168 2831 1375 2920 quod
1418 2847 1570 2899 rem
1601 2849 1636 2895 a
1668 2826 1840 2897 viris
1869 2824 2162 2896 duobus
2197 2820 2611 2896 dofflffimis
2645 2840 2729 2897 et
2759 2823 3099 2917 praemio
3130 2818 3459 2900 Societa-

864 2928 964 3003 tis
1000 2930 1399 3002 litterarum
1431 2925 1674 3020 regiae
1719 2919 2278 3018 Goettingenlis
2313 2920 2604 3014 publice
2646 2921 3034 3018 proposito
3089 2922 3465 2999 coronatis

864 3026 1170 3121 copiose
1202 3043 1419 3118 atque
1450 3024 1739 3097 erudite
1773 3019 2132 3096 traetatam
2164 3022 2426 3096 iterum
2457 3020 2874 3119 adgredior.
2927 3019 3210 3098 Licebit
3237 3024 3465 3109 enim,

864 3143 959 3202 vt
988 3145 1216 3220 puto,
1273 3141 1350 3196 et
1379 3122 1553 3197 mihi
1596 3121 1828 3196 facere
1874 3120 2081 3217 quod
2133 3121 2316 3196 olim
2365 3119 2943 3196 Atheniensibus.
3023 3115 3190 3196 Hos
3225 3123 3460 3206 enim,

862 3245 1027 3301 cnm
1061 3223 1298 3300 subito
1342 3221 2039 3320 argentifodinarum
2074 3219 2470 3294 Atticarum
2501 3241 2684 3296 vena
2716 3218 3056 3294 exhausta
3071 3218 3464 3304 defecisset,

863 3322 1127 3400 scorias
1159 3347 1200 3399 a
1230 3323 1625 3396 maioribus
1664 3323 1873 3396 velut
1902 3321 2210 3398 inutiles
2247 3317 2550 3396 reiectas
2579 3340 2737 3396 non
2777 3318 2923 3395 fine
2965 3322 3177 3396 lucro
3205 3320 3470 3419 aliquo·

865 3422 1229 3502 recoxiss'e
1272 3443 1505 3502 narrat
1537 3416 1829 3494 Strabo.
2917 3435 2923 3446 “
3055 3441 3058 3444 ’
3289 3491 3300 3496 ,
3478 3447 3491 3460 ·

1086 3590 1091 3596 .
1262 3517 1387 3595 De
1456 3540 1634 3594 suro
1719 3539 2182 3618 argenroque
2208 3564 2233 3604 ‚
2341 3516 2848 3593 metallorum
2889 3512 3461 3616 pretiosissimis‚

794 3626 798 3631 ’
868 3619 1352 3719 quaerendis,
1446 3620 2012 3716 excoquendis,
2082 3618 2584 3715 expurgandis
2649 3634 2730 3692 et
2793 3616 3146 3694 faciendis
3231 3638 3461 3714 quae·

869 3742 1161 3811 cunque
1219 3719 1604 3815 scriptores
1660 3737 1955 3795 veteres
2014 3720 2418 3794 memoriae
2480 3717 3020 3811 prodiderunt,
3106 3718 3462 3815 pleraque
3533 3797 3553 3813 ‚

866 3819 1267 3916 diligenter
1318 3817 1626 3892 colleaa
1683 3837 1800 3904 et,
1889 3814 2096 3910 quod
2149 3819 2223 3891 in
2281 3833 2477 3892 tanta
2535 3818 2962 3892 notitiarum
3025 3818 3460 3892 obscuritate

864 3916 1021 3996 fieri
1085 3912 1363 4013 poffit,
1474 3919 1778 4016 egregie
1856 3916 2195 4002 illustrata
2250 3919 2659 4011 reperimus
2723 3917 2797 3990 in
2865 3914 3147 4011 scriptis
3193 3916 3488 3992 duums

859 4018 1193 4102 uirorum
1242 4012 1816 4100 doaiffimornm
1848 4055 1891 4119 ‚0
1954 4034 2153 4115 quos
2224 4017 2304 4093 in
2367 4017 2683 4120 praemii
2745 4013 3046 4120 publice
3095 4012 3480 4119 propositi.

919 4165 925 4170 ·
1072 4153 1091 4161 ·
2205 4181 2214 4192 .
2457 4181 2474 4190 Ἄ
3265 4133 3465 4192 Gom·
