3943 5037
966 1033 1342 1245 Atque
1376 1132 1615 1238 haec,
1673 1158 1874 1241 quae
1908 1126 2218 1244 publica
2250 1123 2674 1217 occasione
2702 1132 3213 1246 munerisque
3239 1133 3398 1219 mei
3433 1162 3572 1220 ra-

964 1256 1195 1336 tione
1242 1249 1629 1332 inuitante
1682 1251 1782 1330 de
1826 1277 1911 1330 re
1957 1244 2345 1330 metallica
2392 1272 2752 1331 veterum
2789 1276 3031 1359 quam
3081 1254 3347 1361 potuit
3387 1248 3566 1334 fieri

968 1360 1422 1451 breuissime
1466 1363 1811 1467 tradidi,
1881 1359 2398 1472 supplementi
2457 1358 2732 1467 instar,
2800 1391 2969 1472 quo
3018 1367 3144 1446 vel
3206 1362 3572 1449 omiffaa

967 1482 1153 1566 viris
1200 1477 1697 1582 dociminus,
1785 1503 1988 1586 quos
2031 1473 2329 1559 illustris
2374 1476 2857 1560 Litterarum
2905 1502 2989 1561 et
3032 1472 3574 1562 Scientiarum

975 1596 1336 1682 Societas
1373 1591 1649 1680 Vestra
1685 1593 1767 1673 in
1811 1617 2213 1675 certamen
2243 1594 2575 1674 ‘vocauit
2614 1590 3113 1702 victoresque
3143 1595 3570 1677 communi

970 1713 1330 1823 praemio
1365 1709 1827 1809 coronauit,
1886 1706 2012 1788 vel
2045 1706 2198 1789 alio
2252 1706 2488 1789 tracia
2538 1732 2894 1790 veterum
2940 1700 3408 1818 sctiptorum
3441 1710 3575 1792 lo·

974 1853 1068 1925 ca
1099 1822 1424 1908 collecia
1454 1825 1556 1904 ad
1608 1848 1879 1905 verum
1916 1817 2214 1903 sensum
2262 1846 2739 1903 reuocantur
2781 1848 3020 1931 atque
3053 1823 3574 1934 explicantur,

973 1932 1169 2023 Tuo
1201 1936 1607 2047 inprimis,
1664 1936 1812 2020 Vir
1853 1933 2200 2035 illustris,
2260 1936 2575 2015 nomini
2619 1931 3112 2021 inscribenda
3158 1940 3568 2049 putabam,

974 2082 1145 2138 non
1176 2055 1434 2134 modo
1484 2050 1709 2161 quod
1739 2047 1932 2132 Tibi
1982 2052 2326 2132 maxime
2374 2078 2506 2133 me
2555 2078 2896 2161 meaque
2938 2055 3213 2138 omnia
3253 2055 3568 2164 placere

972 2169 1225 2274 volo,
1298 2164 1430 2251 sed
1491 2163 1741 2277 ipsum
1788 2167 2028 2248 etiam
2091 2164 2252 2247 hoc
2295 2162 2842 2275 disputationis
2901 2195 3147 2278 genus
3200 2169 3565 2278 antiqua-

976 2287 1184 2367 rium
1215 2283 1407 2367 Tibi
1440 2311 1604 2363 non
1650 2285 1875 2391 plane
1908 2282 2082 2362 leue
2131 2308 2280 2361 nec
2331 2282 2853 2364 iniucundum
2889 2280 3139 2366 visum
3174 2284 3266 2365 iri
3303 2279 3565 2366 confi-

976 2398 1295 2483 debam.
1434 2394 1759 2477 Deinde
1806 2395 2043 2477 etiam
2095 2397 2548 2476 recordatio
2595 2393 3219 2502 beneficiorum,
3280 2398 3570 2506 quibus

962 2509 1174 2622 :olim
1223 2506 1631 2592 honestam
1668 2502 2014 2617 discipuli
2058 2533 2603 2617 paupertatem
2654 2506 3060 2591 cumulasti
3106 2513 3570 2621 ingeniique

964 2626 1453 2738 ‘tenuitatem
1489 2620 1886 2732 disciplina
1920 2620 2102 2705 Tua
2145 2623 2520 2706 nutritam
2555 2619 3038 2718 confirmasti
3071 2649 3156 2710 et
3201 2627 3304 2712 ad
3335 2625 3573 2709 altio-

968 2773 1067 2834 .ra
1098 2738 1419 2828 consilia
1467 2736 1814 2845 erexisti,
1874 2767 2060 2822 cum
2093 2739 2390 2822 intimis
2439 2740 2685 2824 animi
2739 2742 2899 2822 mei
2947 2737 3287 2826 sensibus
3340 2738 3575 2852 flagi-

982 2886 1149 2943 tare
1229 2856 1709 2940 videbantur
1773 2883 1818 2936 a
1897 2881 2030 2933 me
2103 2853 2510 2960 publicum
2594 2855 2918 2960 aliquod
2978 2852 3572 2956 testimonium,

982 2999 1156 3084 quo
1203 2969 1396 3055 Tibi
1441 2966 1498 3048 fi
1546 2964 1894 3075 discipuli
1940 2967 2317 3074 pietatem
2366 2965 2805 3069 amicique,
2899 2989 3065 3070 quo
3110 2966 3303 3046 mihi
3353 2992 3569 3048 nunc

960 3087 1321 3170 ¹nomine
1350 3109 1492 3192 per
1512 3079 1779 3161 Tuam
1818 3077 2391 3158 humanitatem
2440 3076 2754 3185 gloriari
2805 3076 3031 3179 licet,
3101 3072 3567 3162 fidelitatem

938 3198 1423 3314 “approbare
1463 3185 1675 3278 nunc
1710 3192 2164 3304 contigerit,
2225 3191 2323 3274 de
2360 3188 2825 3275 eruditionis
2860 3193 2935 3273 in
3000 3191 3315 3304 eniique
3340 3193 3572 3280 laude

985 3311 1156 3400 non
1205 3317 1413 3398 adeo
1453 3307 1861 3394 laboiabo.
1992 3309 2298 3418 Accipe
2343 3308 2627 3419 igitur,
2698 3307 2846 3392 Vir
2885 3221 3229 3416 ilfustrss,
3296 3305 3576 3396 lubens

986 3429 1150 3518 hoc
1180 3428 1421 3513 animi
1443 3426 1643 3536 grati
1672 3423 2224 3531 amicitiaeque
2241 3424 2572 3534 pignus‚·
2611 3452 2898 3532 meque
2931 3451 3226 3527 amare,
3277 3421 3578 3512 vtfacis

962 3599 973 3606 -
987 3572 1255 3656 perge.
1304 3542 1485 3651 Ego
1503 3567 1697 3621 vero
1730 3540 1933 3620 banc
1966 3534 2541 3619 beneficiorum
2565 3535 3181 3649 officiorumque
3199 3539 3576 3621 Tuorum

990 3662 1073 3742 in
1112 3687 1242 3740 me
1275 3658 1744 3739 collatorum
1769 3653 2244 3734 memoriam
2279 3677 2515 3761 atque
2547 3650 2756 3733 hunc
2777 3656 2990 3761 pium
3012 3654 3254 3736 animi
3275 3651 3574 3735 sensum

990 3770 1139 3856 nist
1171 3777 1357 3854 cum
1393 3793 1655 3851 morte
1690 3796 1857 3854 non
1892 3768 2320 3876 deponam.
2436 3765 2660 3851 Deus
2691 3765 2932 3874 Tibi,
2989 3771 3295 3881 optime
3335 3767 3581 3851 Prae·

993 3910 1316 3997 ceptor,
1382 3883 1761 3966 'viridem
1825 3879 2270 3990 laetamque
2316 3877 2793 3965 senc&utem
2857 3911 3096 3993 quam
3151 3879 3582 3978 ,diutiffime

994 3999 1372 4115 praestet,
1434 4024 1521 4082 vt
1567 4005 1705 4109 per
1735 3997 2145 4104 ingenium
2179 3991 2453 4079 Tuum
2499 3996 2775 4081 litteris
2821 3997 3119 4108 graecis
3159 3997 3580 4107 latinisque

993 4119 1257 4203 honos
1320 4144 1567 4227 porro
1631 4109 2000 4221 constet,
2081 4136 2162 4196 et
2203 4137 2290 4196 vt
2346 4140 2479 4197 me
2538 4111 3084 4224 plurimosque
3135 4110 3582 4225 disciplinae

3343 4225 3576 4314 Tuae
